@online{transcribe-mw,
    author = {{Merriam-Webster Dictionary}},
    title = {{Transcribe | Definition of Transcribe by Merriam-Webster}},
    url = {https://www.merriam-webster.com/dictionary/transcribe}
}
@online{slrg,
    author = {Chng, Eng Siong},
    title = {{Speech and Language Research Group}},
    date = {2017-05},
    url = {http://www.ntu.edu.sg/home/aseschng/#pf2}
}
@online{gh-magor,
    author = {Nguyen, Huy Anh},
    title = {{nguyenhuyanhh/magor\_sgenglish: Audio/ video processing tasks
    for MAGOR system, as my final-year project}},
    date = {2017-08},
    url = {https://github.com/nguyenhuyanhh/magor_sgenglish}
}
@online{gh-magor-is,
    author = {Nguyen, Huy Anh},
    title = {{Issues - nguyenhuyanhh/magor\_sgenglish}},
    date = {2017-08},
    url = {https://github.com/nguyenhuyanhh/magor_sgenglish/issues}
}
@online{ffmpeg,
    author = {{FFmpeg Developers}},
    title = {{FFmpeg}},
    url = {"http://ffmpeg.org/"}
}
@online{ffmpeg-dl,
    author = {{FFmpeg Developers}},
    title = {{FFmpeg Downloads}},
    url = {"https://www.ffmpeg.org/download.html"}
}
@online{ffmpeg-res,
    author = {{FFmpeg Developers}},
    title = {{FFmpeg Resampler Documentation}},
    url = {https://www.ffmpeg.org/ffmpeg-resampler.html}
}
@online{ffmpeg-libres,
    author = {{FFmpeg Developers}},
    title = {{Libswresample Documentation}},
    url = {https://www.ffmpeg.org/libswresample.html}
}
@online{ffmpy,
    author = {Yurchuk, Andriy},
    title = {{Ch00k/ffmpy: Pythonic interface for FFmpeg/FFprobe command line}},
    date = {2016-10-25},
    url = {https://github.com/Ch00k/ffmpy}
}
@inproceedings{lium,
    author = {Meignier, Sylvain and Merlin, Teva},
    title = {{LIUM SpkDiarization: An Open Source Toolkit For Diarization}},
    booktitle = {{CMU SPUD Workshop, March 2010, Dallas (Texas, USA)}},
    year = {2010},
    month = {3}
}
@online{lium-ovr,
    author = {Meignier, Sylvain},
    title = {{LIUM Speaker Diarization Wiki [overview]}},
    url = {http://www-lium.univ-lemans.fr/diarization/doku.php/overview},
    date = {2014-08-24}
}
@online{lium-dl,
    author = {Meignier, Sylvain},
    title = {{LIUM Speaker Diarization Wiki [download]}},
    url = {http://www-lium.univ-lemans.fr/diarization/doku.php/download},
    date = {2013-09-13}
}
@online{lium-seg,
    author = {Meignier, Sylvain},
    title = {{LIUM Speaker Diarization Wiki [diarization]}},
    url = {http://www-lium.univ-lemans.fr/diarization/doku.php/diarization},
    date = {2013-08-26}
}
@inproceedings{lium-ester,
    author = {Sylvain Galliano and Guillaume Gravier and Laura Chaubard},
    title = {{The ESTER 2 Evaluation Campaign for the Rich Transcription
    of French Radio Broadcasts}},
    date = {2009-09},
    booktitle = {Interspeech 2009}
}
@inproceedings{lium-revere,
    author = {Olivier Galibert and Juliette Kahn},
    title = {{The first official REPERE evaluation}},
    date = {2013-08},
    booktitle = {{Proceedings of the First Workshop on Speech, Language
    and Audio in Multimedia (SLAM)}},
    location = {Marseille, France}
}
@online{gcs,
    author = {{Google}},
    title = {{Speech API - Speech Recognition | Google Cloud Platform}},
    url = {https://cloud.google.com/speech/}
}
@online{gcs-libs,
    author = {{Google}},
    title = {{Cloud Speech API Client Libraries | Google Cloud Speech
    API | Google Cloud Platform}},
    url = {https://cloud.google.com/speech/docs/reference/libraries}
}
@online{gh-gcs,
    author = {{Google}},
    title = {{GoogleCloudPlatform/google-cloud-python: Google Cloud Client
    Library for Python}},
    date = {2017-08},
    url = {https://github.com/GoogleCloudPlatform/google-cloud-python}
}
@online{gcs-api-key,
    author = {{Google}},
    title = {{Authentication -- google-cloud documentation}},
    date = {2017-08},
    url = {https://googlecloudplatform.github.io/google-cloud-python/latest/core/auth.html}
}
@online{gcs-free,
    author = {{Google}},
    title = {{GCP Free Tier | Google Cloud Platform}},
    date = {2017-08},
    url = {https://cloud.google.com/free/}
}
@inproceedings{kaldi,
    author = {Povey, Daniel and Ghoshal, Arnab and Boulianne, Gilles and Burget, Lukas and Glembek, Ondrej and Goel, Nagendra and Hannemann, Mirko and Motlicek, Petr and Qian, Yanmin and Schwarz, Petr and Silovsky, Jan and Stemmer, Georg and Vesely, Karel},
    keywords = {ASR, Automatic Speech Recognition, GMM, HTK, SGMM},
    month = {12},
    title = {{The Kaldi Speech Recognition Toolkit}},
    booktitle = {IEEE 2011 Workshop on Automatic Speech Recognition and Understanding},
    year = {2011},
    publisher = {IEEE Signal Processing Society},
    location = {Hilton Waikoloa Village, Big Island, Hawaii, US},
    note = {IEEE Catalog No.: CFP11SRW-USB},
}
@techreport{peter,
    author = {Peter},
    title = {From an image to a text description of an image},
    institution = {{Nanyang Technological University}},
    year = {2017},
    type = {{Final-Year Project}}
}
@online{nrtalk2,
    author = {Andrej Karpathy},
    title = {{karpathy/neuraltalk2: Efficient Image Captioning code in
    Torch, runs on GPU}},
    date = {2016},
    url = {https://github.com/karpathy/neuraltalk2}
}
@online{th,
    author = {{Torch Developers}},
    title = {{Torch | Scientific computing for LuaJIT.}},
    url = {http://torch.ch/}
}
@report{emc,
    author = {{EMC Corporation}},
    title = {{IDC Digital Universe Study}},
    date = {2012-12}
}
@article{caption,
    author = {Oriol Vinyals and Alexander Toshev and Samy Bengio
    and Dumitru Erhan},
    title = {{Show and Tell: Lessons learned from the 2015 {MSCOCO}
    Image Captioning Challenge}},
    journal = {CoRR},
    year = {2016}
}
@book{weik1995communications,
    title = {{Communications Standard Dictionary}},
    author = {Weik, Martin},
    year = {1995},
    publisher = {{Springer US}}
}
@book{thompson2005understanding,
    author = {Thompson, Daniel},
    title = {Understanding audio: getting the most out of your project
    or professional recording studio},
    publisher = {Berklee Press},
    year = {2005},
    address = {Boston, Mass},
    isbn = {9780634009594}
}
@techreport{cd,
    type = {International Standard},
    date = {1999-02-10},
    title = {{IEC 60908:1999: Audio recording -- Compact disc digital
    audio system}},
    institution = {International Electrotechnical Commission}
}
@online{mono-stereo,
    author = {{Mc Squared System Design Group, Inc}},
    title = {{Sound Systems: Mono vs Stereo}},
    url = {http://www.mcsquared.com/mono-stereo.htm}
}
@techreport{mp3,
    type = {International Standard},
    date = {1998-04},
    title = {{Generic coding of moving pictures and associated
    audio information -- Part 3: Audio}},
    institution = {International Organization for Standardization}
}
@techreport{wav,
    author = {{IBM Corporation} and {Microsoft Corporation}},
    date = {1991-08},
    title = {{Multimedia Programming Interface and Data
    Specifications 1.0}}
}
@online{sox,
    author = {{SoX Developers}},
    date = {2015-02-22},
    title = {{SoX - Sound eXchange}},
    url = {http://sox.sourceforge.net/}
}
@online{sox-cl,
    author = {{SoX Developers}},
    date = {2015-02-22},
    title = {{SoX - Sound eXchange/ ChangeLog}},
    url = {https://sourceforge.net/p/sox/code/ci/master/tree/ChangeLog}
}
@online{sox-docs,
    author = {{SoX Developers}},
    date = {2015-02-22},
    title = {{SoX Documentation}},
    url = {http://sox.sourceforge.net/sox.html}
}
@article{diar,
    doi = {10.1109/TASL.2011.2125954},
    date = {2012-02},
    title = {{Speaker diarization: A review of recent research}},
    author = {Anguera, X and Bozonnet, Simon and 
    Evans, Nicholas and Fredouille, Corinne and 
    Friedland, O and Vinyals, O},
    journal = {{IEEE Transactions on Audio, Speech, and
    Language Processing" (TASLP), special issue on
    "New Frontiers in Rich Transcription"}},
    volume = {20},
    number = {2},
    issn = {1558-7916},
    url = {http://www.eurecom.fr/publication/3152}
}
@article{diar-cls,
    title = {Speaker segmentation and clustering},
    author = {Kotti, Margarita and Moschou, Vassiliki
    and Kotropoulos, Constantine},
    journal = {Signal Processing},
    volume = {88},
    number = {5},
    pages = {1091-1124},
    date = {2008-05}
}
@book{asr,
    title = {{Automatic Speech Recognition}},
    subtitle = {{A Deep Learning Approach}},
    author = {Dong Yu and Li Deng},
    isbn = {978-1-4471-5779-3},
    doi = {10.1007/978-1-4471-5779-3},
    date = {2015},
    publisher = {{Springer-Verlag London}}
}