@online{transcribe-mw,
    author = {Merriam-Webster Dictionary},
    title = {Transcribe | Definition of Transcribe by Merriam-Webster},
    url = {https://www.merriam-webster.com/dictionary/transcribe}
}
@online{slrg,
    author = {Eng Siong, Chng},
    title = {Speech and Language Research Group},
    date = {2017-05},
    url = {http://www.ntu.edu.sg/home/aseschng/#pf2}
}
@online{gh-magor,
    author = {Huy Anh, Nguyen},
    title = {nguyenhuyanhh/magor\_sgenglish: Audio/ video processing tasks
    for MAGOR system, as my final-year project},
    date = {2017-08},
    url = {https://github.com/nguyenhuyanhh/magor_sgenglish}
}
@online{gh-magor-is,
    author = {Huy Anh, Nguyen},
    title = {Issues --- nguyenhuyanhh/magor\_sgenglish},
    date = {2017-08},
    url = {https://github.com/nguyenhuyanhh/magor_sgenglish/issues}
}